<?xml version="1.0" encoding="UTF-8"?><collection xmlns="http://www.loc.gov/MARC21/slim"><record><leader>00524nam--2200181-u-4500</leader><controlfield tag="001">000053067</controlfield><controlfield tag="002">20161230</controlfield><controlfield tag="005">20161230201050</controlfield><controlfield tag="008">110104s1000------------r-----000-0-eng-d</controlfield><datafield ind1=" " ind2=" " tag="020"><subfield code="a">9812566392</subfield></datafield><datafield ind1=" " ind2=" " tag="040"><subfield code="a">IFIN-HH</subfield></datafield><datafield ind1=" " ind2=" " tag="080"><subfield code="a">(530.145:53.06):538.9</subfield></datafield><datafield ind1="1" ind2=" " tag="100"><subfield code="a">Sadovskii, Michael V</subfield></datafield><datafield ind1="1" ind2="0" tag="245"><subfield code="a">Diagrammatics</subfield><subfield code="b">Lectures on selected problems in condensed matter theory</subfield><subfield code="c">Michael v. sadovskii</subfield></datafield><datafield ind1=" " ind2=" " tag="260"><subfield code="a">New Jersey</subfield><subfield code="b">World Scientific</subfield><subfield code="c">2006</subfield></datafield><datafield ind1=" " ind2=" " tag="300"><subfield code="a">346P</subfield></datafield><datafield ind1=" " ind2=" " tag="852"><subfield code="a">82202</subfield><subfield code="c">538.9</subfield></datafield><datafield ind1=" " ind2=" " tag="CAT"><subfield code="a">Sys</subfield><subfield code="c">20110104</subfield><subfield code="h">145541</subfield></datafield></record></collection>